@incollection{Kleywegt2003,
    title = {Stochastic Optimization},
    year = {2003},
    author = {Kleywegt, Anton J and Shapiro, Alexander}
}

@article{Ahmed2002,
    title = {The sample average approximation method for stochastic programs with integer recourse},
    year = {2002},
    journal = {Submitted for publication},
    author = {Ahmed, Shabbir and Shapiro, Alexander},
    number = {Dmii},
    pages = {1-24}
}

@article{Kong2006,
    title = {Two-stage integer programs with stochastic right-hand sides: a superadditive dual approach},
    year = {2006},
    journal = {Mathematical programming},
    author = {Kong, Nan and Schaefer, AJ and Hunsaker, Brady},
    pages = {275-296},
    volume = {296}
}

@article{Laporte1993,
    title = {The integer L-shaped method for stochastic integer programs with complete recourse},
    year = {1993},
    journal = {Operations research letters},
    author = {Laporte, Gilbert and Louveaux, FV},
    number = {April},
    pages = {133-142},
    volume = {13}
}

@article{Care1997,
    title = {A cutting-plane approach to mixed 0–1 stochastic integer programs},
    year = {1997},
    journal = {European Journal of Operational Research},
    author = {Car{\o}e, CC and Tind, J},
    number = {2},
    pages = {306-316},
    volume = {101}
}

@article{Birge1997,
    title = {Stochastic Programming Computation and Application:},
    year = {1997},
    journal = {INFORMS Journal on Computing},
    author = {Birge, John R.},
    pages = {111-130},
    volume = {9}
}

@article{Bertsimas2011,
    title = {Adaptive robust optimization for the security constrained unit commitment problem},
    year = {2011},
    author = {Bertsimas, Dimitris and Litvinov, Eugene and Sun, XA and Zhao, Jinye and Zheng, Tongxin},
    number = {March},
    pages = {1-8}
}

@book{Boyd2010,
    title = {Convex Optimization},
    year = {2010},
    booktitle = {Optimization Methods and Software},
    author = {Boyd, Stephen and Vandenberghe, Lieven},
    chapter = {1,10,11},
    doi = {10.1080/10556781003625177},
    editor = {Press, Cambridge University},
    number = {3},
    pages = {487-487},
    volume = {25}
}

@article{Padhy2004,
    title = {Unit Commitment—A Bibliographical Survey},
    year = {2004},
    journal = {IEEE Transactions on Power Systems},
    author = {Padhy, N P},
    doi = {10.1109/TPWRS.2003.821611},
    number = {2},
    pages = {1196-1205},
    volume = {19}
}

@article{Li2011,
    title = {Decomposition strategy for the stochastic pooling problem},
    year = {2011},
    journal = {Journal of Global Optimization},
    author = {Li, Xiang and Tomasgard, Asgeir and Barton, Paul I},
    doi = {10.1007/s10898-011-9792-0},
    number = {4},
    month = {9},
    pages = {765-790},
    volume = {54}
}

@article{Lee2003,
    title = {Global optimization of nonlinear generalized disjunctive programming with bilinear equality constraints: applications to process networks},
    year = {2003},
    journal = {Computers {\&} Chemical Engineering},
    author = {Lee, Sangbum and Grossmann, Ignacio E.},
    doi = {10.1016/S0098-1354(03)00098-X},
    number = {11},
    month = {11},
    pages = {1557-1575},
    volume = {27}
}

@article{Parikh2010,
    title = {Distribution Planning Considering Warehousing Decisions},
    year = {2010},
    journal = {mhi.org},
    author = {Parikh, PJ and Zhang, X and Sainathuni, B},
    pages = {1-15}
}

@article{Solyali2011,
    title = {Robust Inventory Routing Under Demand Uncertainty},
    year = {2012},
    journal = {Transportation Science},
    author = {Solyalı, O{\u{g}}uz and Cordeau, Jean-Fran{\c{c}}ois and Laporte, Gilbert},
    doi = {10.1287/trsc.1110.0387},
    number = {3},
    month = {8},
    pages = {327-340},
    volume = {46}
}

@article{Care1999,
    title = {Dual decomposition in stochastic integer programming},
    year = {1999},
    journal = {Operations Research Letters},
    author = {Car{\o}e, CC and Schultz, Rudiger},
    pages = {1-16},
    volume = {24}
}

@article{Ahmed2010,
    title = {Two-Stage Stochastic Integer Programming: A Brief Introduction},
    year = {2010},
    journal = {Wiley Encyclopedia of Operations Research and …},
    author = {Ahmed, Shabbir},
    number = {1},
    pages = {1-10}
}

@article{Lee2003b,
    title = {Global optimization of nonlinear generalized disjunctive programming with bilinear equality constraints: applications to process networks},
    year = {2003},
    journal = {Computers {\&} Chemical Engineering},
    author = {Lee, Sangbum and Grossmann, Ignacio E.},
    doi = {10.1016/S0098-1354(03)00098-X},
    number = {11},
    month = {11},
    pages = {1557-1575},
    volume = {27}
}

@article{Al-Khayyal1990,
    title = {Jointly constrained bilinear programs and related problems: An overview},
    year = {1990},
    journal = {Computers {\&} Mathematics with Applications},
    author = {Al-Khayyal, F A},
    doi = {10.1016/0898-1221(90)90148-D},
    number = {11},
    month = {1},
    pages = {53-62},
    volume = {19}
}

@article{Al-Khayyal1992,
    title = {Generalized bilinear programming: Part I. Models, applications and linear programming relaxation},
    year = {1992},
    journal = {European Journal of Operational Research},
    author = {Al-Khayyal, F A},
    doi = {10.1016/0377-2217(92)90082-K},
    number = {3},
    month = {8},
    pages = {306-314},
    volume = {60}
}

@article{Sherali1993,
    title = {Mixed-integer bilinear programming problems},
    year = {1993},
    journal = {Mathematical programming},
    author = {Adams, Warren P. and Sherali, Hanif D},
    pages = {279-305},
    volume = {59}
}

@article{Takriti1996,
    title = {A stochastic model for the unit commitment problem},
    year = {1996},
    journal = {Power Systems, IEEE Transactions …},
    author = {Takriti, Samer and Birge, John R. and Long, Erik},
    number = {August},
    pages = {1497-1508},
    volume = {1}
}

@article{Jia2006,
    title = {Uncertainty analysis on the righthand side for MILP problems},
    year = {2006},
    journal = {AIChE journal},
    author = {Jia, Zhenya and Ierapetritou, MG G},
    doi = {10.1002/aic},
    number = {7},
    volume = {52}
}

@article{Bloemhof-Ruwaard1996,
    title = {Generalized bilinear programming: An application in farm management},
    year = {1996},
    journal = {European Journal of Operational Research},
    author = {Bloemhof-Ruwaard, J M and Hendrix, EMT M T},
    doi = {10.1016/0377-2217(94)00353-X},
    number = {1},
    month = {4},
    pages = {102-114},
    volume = {90}
}

@incollection{Grossmann1991,
    title = {Mixed-integer linear programming reformuilations [sic] for some nonlinear discrete design optimization problems},
    year = {1991},
    booktitle = {Department of Electrical and Computer Engineering},
    author = {Grossmann, Ignacio E. and Voudouris, V. and Ghattas, Omar}
}

@article{Carotenuto1987,
    title = {On the minimization of quadratic functions with bilinear constraints via augmented Lagrangians},
    year = {1987},
    journal = {Journal of Optimization Theory and Applications},
    author = {Carotenuto, L. and Raiconi, G.},
    doi = {10.1007/BF00939043},
    number = {1},
    month = {10},
    pages = {23-36},
    volume = {55}
}

@article{Leedan2000,
    title = {Heteroscedastic Regression in Computer Vision: Problems with Bilinear Constraint},
    year = {2000},
    journal = {International Journal of Computer Vision},
    author = {Leedan, Yoram and Meer, Peter},
    doi = {10.1023/A:1008185619375},
    number = {2},
    month = {6},
    pages = {127-150},
    volume = {37}
}

@article{Sherali1992,
    title = {A new reformulation-linearization technique for bilinear programming problems},
    year = {1992},
    journal = {Journal of Global Optimization},
    author = {Sherali, Hanif D and Alameddine, Amine},
    doi = {10.1007/BF00122429},
    number = {4},
    pages = {379-410},
    volume = {2}
}

@article{Al-Khayyal1986,
    title = {Linear, quadratic, and bilinear programming approaches to the linear complementarity problem},
    year = {1986},
    journal = {European journal of operational research},
    author = {Al-Khayyal, F A},
    pages = {216-227},
    volume = {24}
}

@article{Schultz1996,
    title = {Two-stage stochastic integer programming: a survey},
    year = {1996},
    journal = {Statistica Neerlandica},
    author = {Schultz, R. and Stougie, L. and Vlerk, M. H.},
    doi = {10.1111/j.1467-9574.1996.tb01506.x},
    number = {3},
    month = {11},
    pages = {404-416},
    volume = {50}
}

@article{Benders1962,
    title = {Partitioning procedures for solving mixed-variables programming problems},
    year = {1962},
    journal = {Numerische Mathematik},
    author = {Benders, J. F.},
    doi = {10.1007/BF01386316},
    number = {1},
    month = {12},
    pages = {238-252},
    volume = {4}
}

@incollection{Ruszczynski2003141,
    title = {Decomposition Methods},
    year = {2003},
    booktitle = {Stochastic Programming},
    author = {Ruszczyński, Andrzej},
    doi = {http://dx.doi.org/10.1016/S0927-0507(03)10003-5},
    editor = {A. Ruszczynski and Shapiro, A},
    pages = {141-211},
    series = {Handbooks in Operations Research and Management Science},
    volume = {10}
}

@book{book:pyomo,
    title = {Pyomo – Optimization Modeling in Python},
    year = {2012},
    author = {Hart, William E. and Laird, Carl and Watson, Jean-Paul and Woodruff, David L.},
    doi = {10.1007/978-1-4614-3226-5},
    series = {Springer Optimization and Its Applications},
    volume = {67}
}

@article{Gabriel2005,
    title = {A practical approach to approximate bilinear functions in mathematical programming problems by using Schur's decomposition and SOS type 2 variables},
    year = {2005},
    journal = {Journal of the Operational Research Society},
    author = {Gabriel, S a and Garc{\'{i}}a-Bertrand, R and Sahakij, P and Conejo, a J},
    doi = {10.1057/palgrave.jors.2602052},
    number = {8},
    month = {9},
    pages = {995-1004},
    volume = {57}
}

@article{Bruni2006a,
    title = {Solving Nonlinear Mixed Integer Stochastic Problems: a Global Perspective},
    year = {2006},
    journal = {4or},
    author = {Bruni, Maria Elena},
    doi = {10.1007/s10288-006-0007-3},
    number = {4},
    month = {7},
    pages = {343-346},
    volume = {4}
}

@article{Lubin2013252,
    title = {On parallelizing dual decomposition in stochastic integer programming},
    year = {2013},
    journal = {Operations Research Letters},
    author = {Lubin, Miles and Martin, Kipp and Petra, Cosmin G and Sandık{\c{c}}ı, Burhaneddin},
    doi = {http://dx.doi.org/10.1016/j.orl.2013.02.003},
    number = {3},
    pages = {252-258},
    volume = {41}
}

@article{Slyke1969,
    title = {L -Shaped Linear Programs with Applications to Optimal Control and Stochastic Programming},
    year = {1969},
    journal = {SIAM Journal on Applied Mathematics},
    author = {Van Slyke, R. M. and Wets, Roger},
    doi = {10.1137/0117061},
    number = {4},
    month = {7},
    pages = {638-663},
    volume = {17}
}

@article{Huang2011TheCompetitiveness,
    title = {The Effects of electricity pricing on PHEV competitiveness},
    year = {2011},
    journal = {Energy Policy},
    author = {Huang, Shisheng and Hodge, Bri-Mathias S. and Taheripour, Farzad and Pekny, Joseph F. and Reklaitis, Gintaras V and Tyner, Wallace E.},
    number = {3},
    pages = {1552-1561},
    volume = {39}
}

@article{Hodge2011Multi-ParadigmEmissions,
    title = {Multi-Paradigm Modeling of the Effects of PHEV Adoption on Electric Utility Usage Levels and Emissions},
    year = {2011},
    journal = {Industrial {\&} Engineering Chemistry Research},
    author = {Hodge, Bri-Mathias S. and Shukla, Aviral and Huang, Shisheng and Reklaitis, Gintaras V and Venkatasubramanian, Venkat and Pekny, Joseph F.},
    number = {9},
    pages = {5191-5203},
    volume = {50}
}

@article{Jung2004AUncertainty,
    title = {A simulation based optimization approach to supply chain management under demand uncertainty},
    year = {2004},
    journal = {Computers {\&} Chemical Engineering},
    author = {Jung, June Young and Blau, Gary and Pekny, Joseph F. and Reklaitis, Gintaras V and Eversdyk, David},
    number = {10},
    pages = {2087-2106},
    volume = {28}
}

@article{Kano2001AAnalysis,
    title = {A new multivariate statistical process monitoring method using principal component analysis},
    year = {2001},
    journal = {Computers {\&} Chemical Engineering},
    author = {Kano, Manabu and Hasebe, Shinji and Hashimoto, Iori and Ohno, Hiromu},
    doi = {10.1016/S0098-1354(01)00683-4},
    number = {7-8},
    month = {8},
    pages = {1103-1113},
    volume = {25}
}

@article{MacGregor1995StatisticalProcesses,
    title = {Statistical process control of multivariate processes},
    year = {1995},
    journal = {Control Engineering Practice},
    author = {MacGregor, JF and Kourti, T},
    number = {3},
    pages = {403-414},
    volume = {3}
}

@article{Wise1999ADetection,
    title = {A Comparison of principal component analysis, multiway principal component analysis, trilinear decomposition and parallel factor analysis for fault detection},
    year = {1999},
    journal = {Journal of Chemometrics},
    author = {Wise, BM and Gallagher, NB},
    number = {September 1998},
    pages = {379-396},
    volume = {396}
}

@article{Alon2009HowProblem.,
    title = {How to choose a good scientific problem.},
    year = {2009},
    journal = {Molecular Cell},
    author = {Alon, Uri},
    chapter = {19},
    editor = {Inc, Elsevier},
    number = {6},
    pages = {726-728},
    series = {WISICT '04},
    volume = {35}
}

@techreport{Kong2012GOALIProposal,
    title = {GOALI Project Proposal},
    year = {2012},
    author = {Kong, Nan},
    pages = {14}
}

@article{Huang2012TheIndianapolis,
    title = {The effects of electric vehicles on residential households in the city of Indianapolis},
    year = {2012},
    journal = {Energy Policy},
    author = {Huang, Shisheng and Safiullah, Hameed and Xiao, Jingjie and Hodge, Bri-Mathias S.}
}

@article{Pekny2002AlgorithmManagement,
    title = {Algorithm architectures to support large-scale process systems engineering applications involving combinatorics, uncertainty, and risk management},
    year = {2002},
    journal = {Computers {\&} Chemical Engineering},
    author = {Pekny, Joseph F.},
    doi = {10.1016/S0098-1354(01)00744-X},
    number = {2},
    month = {2},
    pages = {239-267},
    volume = {26}
}

@article{Kleywegt2001AnPricing,
    title = {An optimal control problem of dynamic pricing},
    year = {2001},
    journal = {School of Industrial and Systems Engineering, …},
    author = {Kleywegt, Anton J}
}

@article{Kopanos2012EnergyGenerators,
    title = {Energy production planning of a network of micro combined heat and power generators},
    year = {2012},
    journal = {Applied Energy},
    author = {Kopanos, GM and Georgiadis, MC and Pistikopoulos, EN}
}

@article{Keyes2012MultiphysicsOpportunities.,
    title = {Multiphysics simulations: challenges and opportunities.},
    year = {2012},
    author = {Keyes, D and McInnes, LC and Woodward, C and Gropp, W},
    volume = {2}
}

@article{Warin2010DesignProblems,
    title = {Design and experimentation of a large scale distributed stochastic control algorithm applied to energy management problems},
    year = {2010},
    journal = {Stochastic Control},
    author = {Warin, Xavier and Vialle, S}
}

@article{Brill2007DataProductivity,
    title = {Data center energy efficiency and productivity},
    year = {2007},
    author = {Brill, KG}
}

@article{HodgeAAnalysis,
    title = {A multi-paradigm modeling framework for energy systems simulation and analysis},
    journal = {Computers {\&} Chemical Engineering},
    author = {Hodge, Bri-Mathias S. and Huang, Shisheng and Siirola, John D. and Pekny, Joseph F. and Reklaitis, Gintaras V},
    pages = {1725-1737}
}

@article{Campbell2002InventoryPractice,
    title = {Inventory routing in practice},
    year = {2002},
    journal = {Inventory Routing in Practice},
    author = {Campbell, Ann Melissa},
    pages = {309-330}
}

@article{Christensen2008LectureDecomposition,
    title = {Lecture Note on Benders ’ Decomposition},
    year = {2008},
    journal = {Lecture Notes},
    author = {Christensen, Uffe Gram and Pedersen, Anders Bjerg},
    number = {1},
    pages = {1-10}
}

@article{KomodakisMRFDecomposition,
    title = {MRF Energy Minimization {\&} Beyond via Dual Decomposition},
    author = {Komodakis, Nikos and Paragios, Nikos and Tziritas, Georgios}
}

@article{Li2011NonconvexPrograms,
    title = {Nonconvex Generalized Benders Decomposition for Stochastic Separable Mixed-Integer Nonlinear Programs},
    year = {2011},
    journal = {Journal of Optimization Theory and Applications},
    author = {Li, Xiang and Tomasgard, Asgeir and Barton, Paul I},
    doi = {10.1007/s10957-011-9888-1},
    number = {3},
    month = {7},
    pages = {425-454},
    volume = {151}
}

@incollection{Higle2006StochasticMatters,
    title = {Stochastic Programming : Optimization When Uncertainty Matters},
    year = {2006},
    booktitle = {In Tutorials in Operations Research: Emerging Theory, Methods, and Applications},
    author = {Higle, Julia L},
    doi = {10.1287/educ.1053.0016},
    pages = {30-53}
}

@article{Prokopyev2011StochasticOptimization,
    title = {Stochastic Pseudo-Boolean Optimization},
    year = {2011},
    author = {Prokopyev, Oleg},
    number = {0704},
    volume = {298}
}

@phdthesis{Nedic2002SubgradientMinimization,
    title = {Subgradient Methods for Convex Minimization},
    year = {2002},
    author = {Nedic, Angelia},
    pages = {174}
}

@article{Bard2008TheProblem,
    title = {The integrated production–inventory–distribution–routing problem},
    year = {2008},
    journal = {Journal of Scheduling},
    author = {Bard, JF and Nananukul, Narameth},
    doi = {10.1007/s10951-008-0081-9},
    number = {3},
    month = {8},
    pages = {257-280},
    volume = {12}
}

@article{Hvattum2008ScenarioProblems,
    title = {Scenario Tree-Based Heuristics for Stochastic Inventory-Routing Problems},
    year = {2008},
    journal = {INFORMS Journal on Computing},
    author = {Hvattum, L. M. and Lokketangen, A. and Laporte, G.},
    doi = {10.1287/ijoc.1080.0291},
    number = {2},
    month = {10},
    pages = {268-285},
    volume = {21}
}

@article{Campbell2004AProblem,
    title = {A Decomposition Approach for the Inventory-Routing Problem},
    year = {2004},
    journal = {Transportation Science},
    author = {Campbell, Ann Melissa and Savelsbergh, Martin W. P.},
    doi = {10.1287/trsc.1030.0054},
    number = {4},
    month = {11},
    pages = {488-502},
    volume = {38}
}

@article{Moin2006InventoryOverview,
    title = {Inventory routing problems: a logistical overview},
    year = {2006},
    journal = {Journal of the Operational Research Society},
    author = {Moin, N H and Salhi, S},
    doi = {10.1057/palgrave.jors.2602264},
    number = {9},
    month = {8},
    pages = {1185-1194},
    volume = {58}
}

@article{Archetti2007AProblem,
    title = {A Branch-and-Cut Algorithm for a Vendor-Managed Inventory-Routing Problem},
    year = {2007},
    journal = {Transportation Science},
    author = {Archetti, C. and Bertazzi, L. and Laporte, G. and Speranza, M. G.},
    doi = {10.1287/trsc.1060.0188},
    number = {3},
    month = {8},
    pages = {382-391},
    volume = {41}
}

@article{Bard1998AFacilities,
    title = {A decomposition approach to the inventory routing problem with satellite facilities},
    year = {1998},
    journal = {Transportation …},
    author = {Bard, JF and Huang, L.},
    doi = {10.1287/trsc.32.2.189},
    number = {2},
    month = {5},
    pages = {189-203},
    volume = {32}
}

@article{Jaillet2002DeliveryFramework,
    title = {Delivery cost approximations for inventory routing problems in a rolling horizon framework},
    year = {2002},
    journal = {Transportation …},
    author = {Jaillet, Patrick and Bard, JF},
    doi = {10.1287/trsc.36.3.292.7829},
    number = {3},
    month = {8},
    pages = {292-300},
    volume = {36}
}

@article{VanderbeckAProgramming,
    title = {A Generic View of Dantzig-Wolfe Decomposition in Mixed Integer Programming},
    author = {Vanderbeck, Francois and Savelsbergh, Martin W. P.}
}

@article{Beraldi2009APrograms,
    title = {A Solution Approach for Two-Stage Stochastic Nonlinear Mixed Integer Programs},
    year = {2009},
    author = {Beraldi, Patrizia and Bruni, Maria Elena and Conforti, Domenico},
    pages = {76-85},
    volume = {4}
}

@article{DuchiAdaptiveOptimization,
    title = {Adaptive Subgradient Methods for Online Learning and Stochastic Optimization},
    author = {Duchi, John and Hazan, Elad and Singer, Yoram},
    pages = {1-40}
}

@article{Mijangos2009ApproximateNetworks,
    title = {Approximate Subgradient Methods for Lagrangian Relaxations on Networks},
    year = {2009},
    author = {Mijangos, Eugenio},
    number = {4}
}

@techreport{KongSolvingTechnique,
    title = {Solving Integer Programming with Branch-and-Bound Technique},
    author = {Kong, Nan}
}

@article{KlboeBendersDecompositionDummies,
    title = {Benders'Decomposition for Dummies},
    author = {Kl{\ae}boe, Gro}
}

@article{Clausen1999Branch.,
    title = {Branch and Bound Algorithms - Principles and Examples .},
    year = {1999},
    author = {Clausen, Jens},
    pages = {1-30}
}

@article{BoydDecompositionMethods,
    title = {Decomposition Methods},
    journal = {Lecture Slides},
    author = {Boyd, Stephen}
}

@article{RushAProcessing,
    title = {A Tutorial on Dual Decomposition and Lagrangian Relaxation for Inference in Natural Language Processing},
    author = {Rush, Alexander M and Collins, Michael},
    pages = {1-53}
}

@article{Reine2004ImplementationOptimization,
    title = {Implementation of a bundle algorithm for convex optimization},
    year = {2004},
    author = {Reine, S}
}

@phdthesis{Borchers1992ImprovedProgramming,
    title = {Improved Branch and Bound Algorithms for Integer Programming},
    year = {1992},
    author = {Borchers, Brian},
    number = {August},
    pages = {1-142},
    volume = {1992}
}

@incollection{Bisschop2012IntegerTricks,
    title = {Integer Programming Tricks},
    year = {2012},
    booktitle = {AIMMS - Optimization Modeling},
    author = {Bisschop, Johannes},
    chapter = {7},
    pages = {75 - 85}
}

@article{MalinTheBound,
    title = {The knapsack problem with Branch and Bound},
    author = {Malin, K},
    pages = {1-2}
}

@article{FlowsChapterRelaxation,
    title = {Chapter 12 Lagrangian Relaxation},
    author = {Flows, Etwork}
}

@inproceedings{Birge2013ConferenceProgramming,
    title = {Conference Program and Book of Abstracts 13th International Conference on Stochastic Programming},
    year = {2013},
    author = {Birge, John R. and Campi, Marco C},
    pages = {1-125}
}

@article{Hagmann2013AugmentedProblems,
    title = {Augmented Lagrangian Dual Algorithm for Two-Stage Stochastic Integer Programming Problems},
    year = {2013},
    author = {Hagmann, Christopher},
    pages = {1-2}
}

@article{Ahmed2004APrograms,
    title = {A finite branch-and-bound algorithm for two-stage stochastic integer programs},
    year = {2004},
    journal = {Mathematical Programming},
    author = {Ahmed, Shabbir and Tawarmalani, Mohit and Sahinidis, NV},
    pages = {1-27}
}

@article{Sherali2002ARecourse,
    title = {A modification of Benders' decomposition algorithm for discrete subproblems: An approach for stochastic programs with integer recourse},
    year = {2002},
    journal = {Journal of Global Optimization},
    author = {Sherali, Hanif D and Fraticelli, BMP},
    pages = {319-342}
}

@article{Ntaimo2010DisjunctiveRecourse,
    title = {Disjunctive Decomposition for Two-Stage Stochastic Mixed-Binary Programs with Random Recourse},
    year = {2010},
    journal = {Operations Research},
    author = {Ntaimo, Lewis},
    doi = {10.1287/opre.1090.0693},
    number = {1},
    month = {2},
    pages = {229-243},
    volume = {58}
}

@article{Bertsekas1982ConstrainedMethods,
    title = {Constrained optimization and Lagrange multiplier methods},
    year = {1982},
    journal = {Computer Science and Applied Mathematics, …},
    author = {Bertsekas, DP}
}

@article{Hart2011Pyomo:Python,
    title = {Pyomo: modeling and solving mathematical programs in Python},
    year = {2011},
    journal = {Mathematical Programming Computation},
    author = {Hart, William E. and Watson, J.-P. and Woodruff, David L.},
    doi = {10.1007/s12532-011-0026-8},
    number = {3},
    month = {8},
    pages = {219-260},
    volume = {3}
}

@article{Watson2012PySP:Python,
    title = {PySP: modeling and solving stochastic programs in Python},
    year = {2012},
    journal = {Mathematical Programming Computation},
    author = {Watson, J.-P. and Woodruff, David L. and Hart, William E.},
    doi = {10.1007/s12532-012-0036-1},
    number = {2},
    month = {3},
    pages = {109-149},
    volume = {4}
}

@article{Sen2005AlgorithmsModels,
    title = {Algorithms for stochastic mixed-integer programming models},
    year = {2005},
    journal = {Handbooks in operations research and management …},
    author = {Sen, Suvrajeet},
    pages = {515-558},
    volume = {12}
}

@incollection{Louveaux2003StochasticProgramming,
    title = {Stochastic integer programming},
    year = {2003},
    booktitle = {In Handbooks in Operations Research and Mangament Science: Stochastic Programming},
    author = {Louveaux, FV and Schultz, Rudiger},
    chapter = {4},
    editor = {Ruszczyński, Andrzej and Shapiro, Alexander},
    pages = {213-266},
    volume = {10}
}

@book{Bisschop2012AIMMS-OptimizationModeling,
    title = {AIMMS-Optimization modeling},
    year = {2012},
    author = {Bisschop, Johannes}
}

@article{Haneveld1999StochasticAlgorithms,
    title = {Stochastic integer programming: General models and algorithms},
    year = {1999},
    journal = {Annals of Operations Research},
    author = {Haneveld, WK Klein and Vlerk, MH van der},
    number = {0},
    pages = {39-57},
    volume = {85}
}

@article{Dantzig1960DecompositionPrograms,
    title = {Decomposition principle for linear programs},
    year = {1960},
    journal = {Operations research},
    author = {Dantzig, GB and Wolfe, Philip},
    number = {1},
    pages = {101-111},
    volume = {8}
}

@article{Boyd2007SubgradientMethods,
    title = {Subgradient Methods},
    year = {2007},
    journal = {Lecture Notes},
    author = {Boyd, Stephen and Xiao, Lin and Mutapcic, Almir},
    pages = {1-27},
    volume = {1}
}

@article{Kleywegt2004DynamicProblem,
    title = {Dynamic Programming Approximations for a Stochastic Inventory Routing Problem},
    year = {2004},
    journal = {Transportation Science},
    author = {Kleywegt, Anton J. and Nori, Vijay S. and Savelsbergh, Martin W. P.},
    doi = {10.1287/trsc.1030.0041},
    number = {1},
    month = {2},
    pages = {42-70},
    volume = {38}
}

@article{Escudero2009BFC-MSMIP:Problems,
    title = {BFC-MSMIP: an exact branch-and-fix coordination approach for solving multistage stochastic mixed 0–1 problems},
    year = {2009},
    journal = {Top},
    author = {Escudero, Laureano F. and Gar{\'{i}}n, Araceli and Merino, Mar{\'{i}}a and P{\'{e}}rez, Gloria},
    doi = {10.1007/s11750-009-0083-6},
    number = {1},
    month = {4},
    pages = {96-122},
    volume = {17}
}

@article{Alonso-Ayuso2003BFCPrograms,
    title = {BFC, A branch-and-fix coordination algorithmic framework for solving some types of stochastic pure and mixed 0–1 programs},
    year = {2003},
    journal = {European Journal of Operational Research},
    author = {Alonso-Ayuso, Antonio and Escudero, Laureano F. and Teresa Ortu{\~{n}}o, M.},
    doi = {10.1016/S0377-2217(02)00628-8},
    number = {3},
    month = {12},
    pages = {503-519},
    volume = {151}
}

@book{King2012ModelingProgramming,
    title = {Modeling with Stochastic Programming},
    year = {2012},
    author = {King, Alan J. and Wallace, Stein W.},
    doi = {10.1007/978-0-387-87817-1},
    series = {Springer Series in Operations Research and Financial Engineering}
}

@article{Alonso2000AProblem,
    title = {A stochastic 0–1 program based approach for the air traffic flow management problem},
    year = {2000},
    journal = {European Journal of Operational Research},
    author = {Alonso, Antonio and Escudero, LF and Ortu{\~{n}}o, M Teresa},
    pages = {47-62},
    volume = {120}
}

@article{Alonso-Ayuso2003AnProgramming,
    title = {An approach for strategic supply chain planning under uncertainty based on stochastic 0-1 programming},
    year = {2003},
    journal = {Journal of Global Optimization},
    author = {Alonso-Ayuso, A and Escudero, LF},
    number = {1999},
    pages = {97-124}
}

@book{Schaffler2012GlobalOptimization,
    title = {Global Optimization},
    year = {2012},
    author = {Sch{\"{a}}ffler, Stefan},
    doi = {10.1007/978-1-4614-3927-1},
    series = {Springer Series in Operations Research and Financial Engineering}
}

@book{Birge2011IntroductionProgramming,
    title = {Introduction to Stochastic Programming},
    year = {2011},
    author = {Birge, John R. and Louveaux, Fran{\c{c}}ois},
    doi = {10.1007/978-1-4614-0237-4},
    edition = {Second},
    series = {Springer Series in Operations Research and Financial Engineering}
}

@book{Bramel2014TheLogistics,
    title = {The Logic of Logistics},
    year = {2014},
    author = {Bramel, Julien and Simchi-Levi, David},
    doi = {10.1007/978-1-4684-9309-2},
    edition = {Third}
}

@book{Ruschendorf2013MathematicalAnalysis,
    title = {Mathematical Risk Analysis},
    year = {2013},
    author = {R{\"{u}}schendorf, Ludger},
    doi = {10.1007/978-3-642-33590-7},
    series = {Springer Series in Operations Research and Financial Engineering}
}

@book{Nocedal2006NumericalOptimization,
    title = {Numerical Optimization},
    year = {2006},
    author = {Nocedal, Jorge and Wright, Stephen J},
    editor = {Mikosch, Thomas V and Resnick, Sidney I and Robinson, Stephen M}
}

@article{Norkin1998AOptimization,
    title = {A branch and bound method for stochastic global optimization},
    year = {1998},
    journal = {Mathematical Programming},
    author = {Norkin, Vladimir I. and Pflug, Georg Ch. and Ruszczyński, Andrzej},
    doi = {10.1007/BF02680569},
    number = {1-3},
    month = {1},
    pages = {425-450},
    volume = {83}
}

@article{Krathwohl2002AOverview,
    title = {A Revision of Bloom's Taxonomy: An Overview},
    year = {2002},
    journal = {Theory Into Practice},
    author = {Krathwohl, David R.},
    doi = {10.1207/s15430421tip4104{\_}2},
    number = {4},
    month = {11},
    pages = {212-218},
    volume = {41}
}

@article{Felder2004TheChallenges,
    title = {The Intellectual Development of Science and Engineering Students. Part 1: Models and Challenges},
    year = {2004},
    journal = {Journal of Engineering Education},
    author = {Felder, Richard M. and Brent, Rebecca},
    doi = {10.1002/j.2168-9830.2004.tb00816.x},
    number = {4},
    month = {10},
    pages = {269-277},
    volume = {93}
}

@article{Felder2004TheGrowth,
    title = {The Intellectual Development of Science and Engineering Students. Part 2: Teaching to Promote Growth},
    year = {2004},
    journal = {Journal of Engineering Education},
    author = {Felder, Richard M. and Brent, Rebecca},
    doi = {10.1002/j.2168-9830.2004.tb00817.x},
    number = {4},
    month = {10},
    pages = {279-291},
    volume = {93}
}

@book{Wankat2015TeachingEngineering,
    title = {Teaching Engineering},
    year = {2015},
    author = {Wankat, PC and Oreovicz, FS}
}

@article{Fletcher2012StructuredDelivery,
    title = {Structured Design Approach for Converting Classroom Courses for Online Delivery},
    year = {2012},
    journal = {Journal of Online Engineering Education},
    author = {Fletcher, ML and Bjerkaas, AW},
    number = {1},
    volume = {4}
}

@article{Prince2004DoesResearch,
    title = {Does active learning work? A review of the research},
    year = {2004},
    journal = {Journal of engineering education},
    author = {Prince, M},
    number = {July},
    pages = {223-231},
    volume = {93}
}

@article{Oakley2004TurningTeams,
    title = {Turning student groups into effective teams},
    year = {2004},
    journal = {Journal of Student Centered Learning},
    author = {Oakley, Barbara and Felder, RM},
    number = {1},
    pages = {9-34},
    volume = {2}
}

@article{King1993FromSide,
    title = {From sage on the stage to guide on the side},
    year = {1993},
    journal = {College teaching},
    author = {King, Alison},
    number = {1},
    pages = {30-35},
    volume = {41}
}

@article{Benware1984QualitySet,
    title = {Quality of Learning With an Active Versus Passive Motivational Set},
    year = {1984},
    journal = {American Educational Research Journal},
    author = {Benware, C. a and Deci, E. L},
    doi = {10.3102/00028312021004755},
    number = {4},
    month = {1},
    pages = {755-765},
    volume = {21}
}

@article{Lord2012TheLearning,
    title = {The effect of different active learning environments on student outcomes related to lifelong learning},
    year = {2012},
    journal = {International Journal of Engineering Education},
    author = {Lord, SM and Prince, MJ and Stefanou, CR and Stolk, JD and Chen, JC},
    number = {3},
    month = {11},
    pages = {606–620},
    volume = {28}
}

@article{Andrade2000UsingLearning,
    title = {Using rubrics to promote thinking and learning},
    year = {2000},
    journal = {Educational Leadership},
    author = {Andrade, HG},
    number = {5},
    pages = {13-18},
    volume = {57}
}

@article{Leavitt2006TeamChallenges,
    title = {Team Teaching: Benefits and Challenges},
    year = {2006},
    journal = {Speaking of Teaching},
    author = {Leavitt, Melissa C.},
    number = {1},
    volume = {16}
}

@article{Cech1999ScienceEducation,
    title = {Science at liberal arts colleges: a better education?},
    year = {1999},
    journal = {Daedalus},
    author = {Cech, TR},
    pages = {195-216}
}

@article{Dalal2012AnalysisReflections,
    title = {Analysis of a rubric for assessing depth of classroom reflections},
    year = {2012},
    journal = {International Journal of ePortfolio},
    author = {Dalal, DK and Hakel, MD},
    number = {1},
    pages = {75-85},
    volume = {2}
}

@article{Besterfield-Sacre2004ScoringEducation,
    title = {Scoring Concept Maps: An Integrated Rubric for Assessing Engineering Education},
    year = {2004},
    journal = {Journal of Engineering Education},
    author = {Besterfield-Sacre, Mary and Gerchak, Jessica and Lyons, Mary Rose and Shuman, Larry J. and Wolfe, Harvey},
    doi = {10.1002/j.2168-9830.2004.tb00795.x},
    number = {2},
    month = {4},
    pages = {105-115},
    volume = {93}
}

@article{Chong2012EvolvingThesis,
    title = {Evolving a Rubric for Use in Assessing Engineering Graduate Attributes in a Student Senior Research Thesis},
    year = {2012},
    journal = {American Society for Engineering Education},
    author = {Chong, A and Romkey, L}
}

@article{Ralston2010RefiningEngineering,
    title = {Refining a critical thinking rubric for engineering},
    year = {2010},
    journal = {American Society for Engineering Education},
    author = {Ralston, Patricia and Bays, C}
}

@article{Atkinson2013ImprovingLMS,
    title = {Improving assessment processes in Higher Education: Student and teacher perceptions of the effectiveness of a rubric embedded in a LMS},
    year = {2013},
    journal = {Australasian Journal of Educational Technology},
    author = {Atkinson, Doug and Lim, SL},
    number = {5},
    pages = {651-666},
    volume = {29}
}

@article{Alfrey2009DevelopingComponent,
    title = {Developing a rubric to assess critical thinking in assignments with an open-ended component},
    year = {2009},
    journal = {American Society for Engineering Education},
    author = {Alfrey, Karen and Cooney, E}
}

@article{Palmer2014MeasuringRubric,
    title = {Measuring the Promise: A Learning-Focused Syllabus Rubric},
    year = {2014},
    journal = {To Improve the Academy},
    author = {Palmer, Michael S. and Bach, Dorothe J. and Streifer, Adriana C.},
    doi = {10.1002/tia2.20004},
    number = {1},
    month = {9},
    pages = {14-36},
    volume = {33}
}

@article{Mertler2001DesigningClassroom,
    title = {Designing Scoring Rubrics for Your Classroom},
    year = {2001},
    journal = {Practical Assessment, Research {\&} Evaluation},
    author = {Mertler, Craig A.},
    number = {25},
    volume = {7}
}

@phdthesis{Muller2008DesigningEducation,
    title = {Designing effective multimedia for physics education},
    year = {2008},
    author = {Muller, DA},
    pages = {296}
}

@article{Keener1993TheTeams,
    title = {The Perron–Frobenius Theorem and the Ranking of Football Teams},
    year = {1993},
    journal = {SIAM Review},
    author = {Keener, James P.},
    doi = {10.1137/1035004},
    number = {1},
    month = {3},
    pages = {80-93},
    volume = {35}
}

@article{Millard20125Work,
    title = {5 Reasons Flipped Classrooms Work},
    year = {2012},
    journal = {University Business},
    author = {Millard, Elizabeth}
}

@phdthesis{Word2013NonlinearEpidemiology,
    title = {Nonlinear Programming Approaches for Efficient Large-Scale Parameter Estimation with Application in Epidemiology},
    year = {2013},
    author = {Word, Daniel Paul}
}

@article{Hagmann2014ApplicationProblem,
    title = {Application of Integer Programming to the Personal Scheduling Problem},
    year = {2014},
    author = {Hagmann, Christopher D},
    pages = {1-11}
}

@article{Anderson2013HowPresentation,
    title = {How to Give a Killer Presentation},
    year = {2013},
    journal = {HARVARD BUSINESS REVIEW},
    author = {Anderson, Chris},
    number = {June}
}

@book{Boginski2004EconomicsSports,
    title = {Economics, Management and Optimization in Sports},
    year = {2004},
    booktitle = {Economics, Management and Optimization in Sports},
    author = {Boginski, Vladimir and Butenko, Sergiy and Pardalos, PM},
    chapter = {1},
    doi = {10.1007/978-3-540-24734-0},
    editor = {Butenko, Sergiy and Gil-Lafuente, Jaime and Pardalos, Panos M.},
    pages = {pp 1-13}
}

@article{Hagmann2014MethodsMethods,
    title = {Methods for Solving Integer Bilinearly-Constrained Programming Problems Linearization Methods},
    year = {2014},
    author = {Hagmann, Christopher},
    pages = {1-4}
}

@misc{KeenerThe25,
    title = {The Mathematics of Ranking Schemes or Should Utah Be Ranked in the Top 25?},
    author = {Keener, James P.}
}

@book{SkeelComputingEngineering,
    title = {Computing for science and engineering},
    author = {Skeel, Robert D}
}

@article{Litzinger2011EngineeringExpertise,
    title = {Engineering education and the development of expertise},
    year = {2011},
    journal = {Journal of Engineering Education},
    author = {Litzinger, Thomas A and Lattuca, Lisa R and Hadgraft, Roger G and Newstetter, Wendy C},
    number = {1},
    pages = {123-150},
    volume = {100}
}

@article{Danielak2014MarginalizedRetention,
    title = {Marginalized Identities of Sense-Makers: Reframing Engineering Student Retention},
    year = {2014},
    journal = {Journal of Engineering Education},
    author = {Danielak, Brian a. and Gupta, Ayush and Elby, Andrew},
    doi = {10.1002/jee.20035},
    number = {1},
    month = {1},
    pages = {8-44},
    volume = {103}
}

@article{Thompson2014DoesAbility,
    title = {Does Diversity Trump Ability?},
    year = {2014},
    journal = {Notices of the AMS},
    author = {Thompson, Abigail},
    number = {9},
    pages = {1024-1030},
    volume = {61}
}

@article{Nikitina2006ThreeProblem-centring,
    title = {Three strategies for interdisciplinary teaching: contextualizing, conceptualizing, and problem-centring},
    year = {2006},
    journal = {Journal of Curriculum Studies},
    author = {Nikitina, Svetlana},
    doi = {10.1080/00220270500422632},
    number = {3},
    month = {6},
    pages = {251-271},
    volume = {38}
}

@article{Johannes2007InterdisciplinaryEducation,
    title = {Interdisciplinary Teaching Within Engineering Education},
    year = {2007},
    journal = {European Journal of Engineering Education},
    author = {Johannes, M. N and Kasteren, Van},
    doi = {10.1080/03043799608923424},
    number = {4},
    month = {10},
    pages = {387-392},
    volume = {21}
}

@article{Shapiro2008ConflictTeaching,
    title = {Conflict Resolution in Team Teaching},
    year = {2008},
    journal = {College teaching},
    author = {Shapiro, Elayne J and Dempsey, Carol J},
    number = {3},
    pages = {157-162},
    volume = {56}
}

@article{Woods2006ResearchingCommunication,
    title = {Researching and developing interdisciplinary teaching: towards a conceptual framework for classroom communication},
    year = {2006},
    journal = {Higher Education},
    author = {Woods, Charlotte},
    doi = {10.1007/s10734-006-9027-3},
    number = {6},
    month = {8},
    pages = {853-866},
    volume = {54}
}

@article{Peters1982InterdisciplinaryTeaching,
    title = {Interdisciplinary teaching},
    year = {1982},
    journal = {Alternative Higher Education},
    author = {Peters, Dianne S},
    doi = {10.1007/BF01079370},
    number = {4},
    pages = {229-241},
    volume = {6}
}

@article{Jones2011InterdisciplinaryWriting,
    title = {Interdisciplinary teaching: introductory programming via creative writing},
    year = {2011},
    journal = {Proceedings of the 42nd ACM …},
    author = {Jones, MEME and Kisthardt, Melanie and Cooper, MA},
    pages = {523-528}
}

@article{Goodman2012TargetingLearning.,
    title = {Targeting relevance: the challenges of interdisciplinary teaching and learning.},
    year = {2012},
    journal = {The Physiologist},
    author = {Goodman, BE},
    number = {1},
    volume = {55}
}

@article{Bernhard2013TheModel,
    title = {The MOOCs Business Model},
    year = {2013},
    journal = {Procedia - Social and Behavioral Sciences},
    author = {Bernhard, Willi and Bittel, Nicole and Van Der Vlies, Stefan and Bettoni, Marco and Roth, Nathalie},
    doi = {10.1016/j.sbspro.2013.12.339},
    month = {12},
    pages = {2931-2937},
    volume = {106}
}

@article{Dempster1988TheResearch.,
    title = {The spacing effect: A case study in the failure to apply the results of psychological research.},
    year = {1988},
    journal = {American Psychologist},
    author = {Dempster, Frank N},
    doi = {10.1037/0003-066X.43.8.627},
    number = {8},
    pages = {627-634},
    volume = {43}
}

@article{Cepeda2006DistributedSynthesis.,
    title = {Distributed practice in verbal recall tasks: A review and quantitative synthesis.},
    year = {2006},
    journal = {Psychological bulletin},
    author = {Cepeda, Nicholas J and Pashler, Harold and Vul, Edward and Wixted, John T and Rohrer, Doug},
    doi = {10.1037/0033-2909.132.3.354},
    number = {3},
    month = {5},
    pages = {354-80},
    volume = {132}
}

@article{Roediger2006The.,
    title = {The Power of Testing Memory .},
    year = {2006},
    journal = {Perspectives on Psychological Science},
    author = {Roediger, Henry L. and Karpicke, Jeffrey D.},
    doi = {10.1111/j.1745-6916.2006.00012.x},
    number = {3},
    month = {9},
    pages = {181-210},
    volume = {1}
}

@article{Dunlosky2013ImprovingPsychology,
    title = {Improving Students' Learning With Effective Learning Techniques: Promising Directions From Cognitive and Educational Psychology},
    year = {2013},
    journal = {Psychological Science in the Public Interest},
    author = {Dunlosky, J. and Rawson, K. a. and Marsh, E. J. and Nathan, M. J. and Willingham, D. T.},
    doi = {10.1177/1529100612453266},
    number = {1},
    month = {1},
    pages = {4-58},
    volume = {14}
}

@article{Delen2014EffectsEnvironments,
    title = {Effects of interactivity and instructional scaffolding on learning: Self-regulation in online video-based environments},
    year = {2014},
    journal = {Computers {\&} Education},
    author = {Delen, Erhan and Liew, Jeffrey and Willson, Victor},
    doi = {10.1016/j.compedu.2014.06.018},
    month = {9},
    pages = {312-320},
    volume = {78}
}

@article{Berinsky2012EvaluatingTurk,
    title = {Evaluating Online Labor Markets for Experimental Research: Amazon.com's Mechanical Turk},
    year = {2012},
    journal = {Political Analysis},
    author = {Berinsky, a. J. and Huber, G. a. and Lenz, G. S.},
    doi = {10.1093/pan/mpr057},
    number = {3},
    month = {3},
    pages = {351-368},
    volume = {20}
}

@article{White2012VisualizingStrategies.,
    title = {Visualizing the perception filter and breaching it with active-learning strategies.},
    year = {2012},
    journal = {Biochemistry and molecular biology education},
    author = {White, Harold B},
    doi = {10.1002/bmb.20591},
    number = {2},
    pages = {138-139},
    volume = {40}
}

@article{Yan2014HabitsMindset,
    title = {Habits and beliefs that guide self-regulated learning: Do they vary with mindset?},
    year = {2014},
    journal = {Journal of Applied Research in Memory and Cognition},
    author = {Yan, Veronica X. and Thai, Khanh-Phuong and Bjork, Robert a.},
    doi = {10.1016/j.jarmac.2014.04.003},
    number = {3},
    month = {9},
    pages = {140-152},
    volume = {3}
}

@article{Szpunar2014OvercomingEducation,
    title = {Overcoming overconfidence in learning from video-recorded lectures: Implications of interpolated testing for online education},
    year = {2014},
    journal = {Journal of Applied Research in Memory and Cognition},
    author = {Szpunar, Karl K. and Jing, Helen G. and Schacter, Daniel L.},
    doi = {10.1016/j.jarmac.2014.02.001},
    number = {3},
    month = {9},
    pages = {161-164},
    volume = {3}
}

@article{Carpenter2014ImprovingWays,
    title = {Improving student learning in low-maintenance and cost-effective ways},
    year = {2014},
    journal = {Journal of Applied Research in Memory and Cognition},
    author = {Carpenter, Shana K.},
    doi = {10.1016/j.jarmac.2014.07.004},
    number = {3},
    month = {9},
    pages = {121-123},
    volume = {3}
}

@article{Willett2014MeasuresLearning,
    title = {Measures matter: Evidence of faculty development effects on faculty and student learning},
    year = {2014},
    journal = {Assessing Writing},
    author = {Willett, Gudrun and Iverson, Ellen R. and Rutz, Carol and Manduca, Cathryn a.},
    doi = {10.1016/j.asw.2013.12.001},
    month = {4},
    pages = {19-36},
    volume = {20}
}

@article{Mueller1998PraisePerformance.,
    title = {Praise for intelligence can undermine children's motivation and performance.},
    year = {1998},
    journal = {Journal of Personality and Social Psychology},
    author = {Mueller, Claudia M. and Dweck, Carol S.},
    doi = {10.1037//0022-3514.75.1.33},
    number = {1},
    pages = {33-52},
    volume = {75}
}

@article{Grant2003ClarifyingImpact.,
    title = {Clarifying achievement goals and their impact.},
    year = {2003},
    journal = {Journal of personality and social psychology},
    author = {Grant, Heidi and Dweck, Carol S},
    doi = {10.1037/0022-3514.85.3.541},
    number = {3},
    month = {9},
    pages = {541-53},
    volume = {85}
}

@article{Blackwell2007ImplicitIntervention.,
    title = {Implicit theories of intelligence predict achievement across an adolescent transition: a longitudinal study and an intervention.},
    year = {2007},
    journal = {Child development},
    author = {Blackwell, Lisa S and Trzesniewski, Kali H and Dweck, Carol Sorich},
    doi = {10.1111/j.1467-8624.2007.00995.x},
    number = {1},
    pages = {246-63},
    volume = {78}
}

@article{Kornell2007TheStudy,
    title = {The promise and perils of self-regulated study},
    year = {2007},
    journal = {Psychonomic Bulletin {\&} Review},
    author = {Kornell, N and Bjork, RA},
    number = {2},
    pages = {219-224},
    volume = {14}
}

@article{Schwarz1991EaseHeuristic.,
    title = {Ease of retrieval as information: Another look at the availability heuristic.},
    year = {1991},
    journal = {Journal of Personality and Social Psychology},
    author = {Schwarz, Norbert and Bless, Herbert and Strack, Fritz and Klumpp, Gisela},
    doi = {10.1037/0022-3514.61.2.195},
    number = {2},
    pages = {195-202},
    volume = {61}
}

@article{Miele2010NaiveComprehension.,
    title = {Naive theories of intelligence and the role of processing fluency in perceived comprehension.},
    year = {2010},
    journal = {Journal of experimental psychology. General},
    author = {Miele, David B and Molden, Daniel C},
    doi = {10.1037/a0019745},
    number = {3},
    month = {8},
    pages = {535-57},
    volume = {139}
}

@article{Benjamin1998TheIndex.,
    title = {The mismeasure of memory: When retrieval fluency is misleading as a metamnemonic index.},
    year = {1998},
    journal = {Journal of Experimental Psychology: General},
    author = {Benjamin, Aaron S. and Bjork, Robert a. and Schwartz, Bennett L.},
    doi = {10.1037//0096-3445.127.1.55},
    number = {1},
    pages = {55-68},
    volume = {127}
}

@article{Lee2000NewProgramming,
    title = {New algorithms for nonlinear generalized disjunctive programming},
    year = {2000},
    journal = {Computers {\&} Chemical Engineering},
    author = {Lee, Sangbum and Grossmann, Ignacio E.},
    doi = {10.1016/S0098-1354(00)00581-0},
    number = {9-10},
    month = {10},
    pages = {2125-2141},
    volume = {24}
}

@article{Grossmann2013SystematicProgramming,
    title = {Systematic modeling of discrete-continuous optimization models through generalized disjunctive programming},
    year = {2013},
    journal = {AIChE Journal},
    author = {Grossmann, Ignacio E. and Trespalacios, Francisco},
    doi = {10.1002/aic.14088},
    number = {9},
    month = {9},
    pages = {3276-3295},
    volume = {59}
}

@article{Castro2012GeneralizedFormulations,
    title = {Generalized Disjunctive Programming as a Systematic Modeling Framework to Derive Scheduling Formulations},
    year = {2012},
    journal = {Industrial {\&} Engineering Chemistry Research},
    author = {Castro, Pedro M. and Grossmann, Ignacio E.},
    doi = {10.1021/ie2030486},
    number = {16},
    month = {4},
    pages = {5781-5792},
    volume = {51}
}

@article{Ruiz2013UsingPrograms,
    title = {Using convex nonlinear relaxations in the global optimization of nonconvex generalized disjunctive programs},
    year = {2013},
    journal = {Computers {\&} Chemical Engineering},
    author = {Ruiz, Juan P. and Grossmann, Ignacio E.},
    doi = {10.1016/j.compchemeng.2012.09.017},
    month = {2},
    pages = {70-84},
    volume = {49}
}

@article{Sawaya2012AProgramming,
    title = {A hierarchy of relaxations for linear generalized disjunctive programming},
    year = {2012},
    journal = {European Journal of Operational Research},
    author = {Sawaya, Nicolas and Grossmann, Ignacio E.},
    doi = {10.1016/j.ejor.2011.07.018},
    number = {1},
    month = {1},
    pages = {70-82},
    volume = {216}
}

@article{Sawaya2005AProblems,
    title = {A cutting plane method for solving linear generalized disjunctive programming problems},
    year = {2005},
    journal = {Computers {\&} Chemical Engineering},
    author = {Sawaya, Nicolas W. and Grossmann, Ignacio E.},
    doi = {10.1016/j.compchemeng.2005.04.004},
    number = {9},
    month = {8},
    pages = {1891-1913},
    volume = {29}
}

@article{Ruiz2011UsingProblems,
    title = {Using redundancy to strengthen the relaxation for the global optimization of MINLP problems},
    year = {2011},
    journal = {Computers {\&} Chemical Engineering},
    author = {Ruiz, Juan P. and Grossmann, Ignacio E.},
    doi = {10.1016/j.compchemeng.2011.01.035},
    number = {12},
    month = {12},
    pages = {2729-2740},
    volume = {35}
}

@article{Ruiz2012AProgramming,
    title = {A hierarchy of relaxations for nonlinear convex generalized disjunctive programming},
    year = {2012},
    journal = {European Journal of Operational Research},
    author = {Ruiz, Juan P. and Grossmann, Ignacio E.},
    doi = {10.1016/j.ejor.2011.10.002},
    number = {1},
    month = {4},
    pages = {38-47},
    volume = {218}
}

@article{Lee2001ASystems,
    title = {A global optimization algorithm for nonconvex generalized disjunctive programming and applications to process systems},
    year = {2001},
    journal = {Computers {\&} Chemical Engineering},
    author = {Lee, Sangbum and Grossmann, Ignacio E.},
    doi = {10.1016/S0098-1354(01)00732-3},
    number = {11-12},
    month = {11},
    pages = {1675-1697},
    volume = {25}
}

@article{Turkay1996Logic-basedNetworks,
    title = {Logic-based MINLP algorithms for the optimal synthesis of process networks},
    year = {1996},
    journal = {Computers {\&} Chemical Engineering},
    author = {T{\"{u}}rkay, M and Grossmann, Ignacio E.},
    number = {8},
    pages = {959-978},
    volume = {20}
}

@article{Sawaya2007ComputationalReformulation,
    title = {Computational implementation of non-linear convex hull reformulation},
    year = {2007},
    journal = {Computers {\&} Chemical Engineering},
    author = {Sawaya, Nicolas W. and Grossmann, Ignacio E.},
    doi = {10.1016/j.compchemeng.2006.08.002},
    number = {7},
    month = {7},
    pages = {856-866},
    volume = {31}
}

@article{Ruiz2010StrengtheningPrograms,
    title = {Strengthening of lower bounds in the global optimization of Bilinear and Concave Generalized Disjunctive Programs},
    year = {2010},
    journal = {Computers {\&} Chemical Engineering},
    author = {Ruiz, Juan P. and Grossmann, Ignacio E.},
    doi = {10.1016/j.compchemeng.2009.10.016},
    number = {6},
    month = {6},
    pages = {914-930},
    volume = {34}
}

@article{Gupta2011SolutionUncertainties,
    title = {Solution strategies for multistage stochastic programming with endogenous uncertainties},
    year = {2011},
    journal = {Computers {\&} Chemical Engineering},
    author = {Gupta, Vijay and Grossmann, Ignacio E.},
    doi = {10.1016/j.compchemeng.2010.11.013},
    number = {11},
    month = {11},
    pages = {2235-2247},
    volume = {35}
}

@article{Mouret2011AScheduling,
    title = {A new Lagrangian decomposition approach applied to the integration of refinery planning and crude-oil scheduling},
    year = {2011},
    journal = {Computers {\&} Chemical Engineering},
    author = {Mouret, Sylvain and Grossmann, Ignacio E. and Pestiaux, Pierre},
    doi = {10.1016/j.compchemeng.2011.03.026},
    number = {12},
    month = {12},
    pages = {2750-2766},
    volume = {35}
}

@article{Balas1998DisjunctivePoints,
    title = {Disjunctive programming: Properties of the convex hull of feasible points},
    year = {1998},
    journal = {Discrete Applied Mathematics},
    author = {Balas, Egon},
    doi = {10.1016/S0166-218X(98)00136-X},
    number = {1-3},
    month = {12},
    pages = {3-44},
    volume = {89}
}

@article{Quesada1995GlobalFlows,
    title = {Global optimization of bilinear process networks with multicomponent flows},
    year = {1995},
    journal = {Computers {\&} Chemical Engineering},
    author = {Quesada, I and Grossmann, IE},
    number = {12},
    pages = {1219-1242},
    volume = {19}
}

@article{Grossmann2012AdvancesOptimization,
    title = {Advances in mathematical programming models for enterprise-wide optimization},
    year = {2012},
    journal = {Computers {\&} Chemical Engineering},
    author = {Grossmann, Ignacio E.},
    doi = {10.1016/j.compchemeng.2012.06.038},
    month = {12},
    pages = {2-18},
    volume = {47}
}

@article{Raman1994ModellingProgramming,
    title = {Modelling and computational techniques for logic based integer programming},
    year = {1994},
    journal = {Computers {\&} Chemical Engineering},
    author = {Raman, R and Grossmann, IE},
    number = {7},
    pages = {563-578},
    volume = {18}
}

@article{Hooker1999MixedProgramming,
    title = {Mixed logical-linear programming},
    year = {1999},
    journal = {Discrete Applied Mathematics},
    author = {Hooker, J.N. and Osorio, M.a.},
    doi = {10.1016/S0166-218X(99)00100-6},
    month = {10},
    pages = {395-442},
    volume = {96-97}
}

@article{Grossmann2003GeneralizedRelaxation,
    title = {Generalized convex disjunctive programming: Nonlinear convex hull relaxation},
    year = {2003},
    journal = {Computational Optimization and Applications},
    author = {Grossmann, IE and Lee, S},
    doi = {10.1023/A:1025154322278},
    number = {1},
    pages = {83-100},
    volume = {26}
}

@article{Vecchietti2003ModelingRelaxations,
    title = {Modeling of discrete/continuous optimization problems: characterization and formulation of disjunctions and their relaxations},
    year = {2003},
    journal = {Computers {\&} Chemical Engineering},
    author = {Vecchietti, Aldo and Lee, Sangbum and Grossmann, Ignacio E.},
    doi = {10.1016/S0098-1354(02)00220-X},
    number = {3},
    month = {3},
    pages = {433-448},
    volume = {27}
}

@article{Bergamini2008AnTerms,
    title = {An improved piecewise outer-approximation algorithm for the global optimization of MINLP models involving concave and bilinear terms},
    year = {2008},
    journal = {Computers {\&} Chemical Engineering},
    author = {Bergamini, Mar{\'{i}}a Lorena and Grossmann, Ignacio and Scenna, Nicol{\'{a}}s and Aguirre, P{\'{i}}o},
    doi = {10.1016/j.compchemeng.2007.03.011},
    number = {3},
    month = {3},
    pages = {477-493},
    volume = {32}
}

@article{Grossmann2012GeneralizedOptimization,
    title = {Generalized Disjunctive Programming: A framework for formulation and alternative algorithms for MINLP optimization},
    year = {2012},
    journal = {Mixed Integer Nonlinear Programming},
    author = {Grossmann, IE and Ruiz, JP},
    pages = {1-26}
}

@article{Grossmann2002ReviewTechniques,
    title = {Review of nonlinear mixed-integer and disjunctive programming techniques},
    year = {2002},
    journal = {Optimization and Engineering},
    author = {Grossmann, IE},
    pages = {227-252}
}

@article{Bonami2008AnPrograms,
    title = {An algorithmic framework for convex mixed integer nonlinear programs},
    year = {2008},
    journal = {Discrete Optimization},
    author = {Bonami, Pierre and Biegler, Lorenz T. and Conn, Andrew R. and Cornu{\'{e}}jols, G{\'{e}}rard and Grossmann, Ignacio E. and Laird, Carl D. and Lee, Jon and Lodi, Andrea and Margot, Fran{\c{c}}ois and Sawaya, Nicolas and W{\"{a}}chter, Andreas},
    doi = {10.1016/j.disopt.2006.10.011},
    number = {2},
    month = {5},
    pages = {186-204},
    volume = {5}
}

@incollection{Grossmann2009GeneralizedProgramming,
    title = {Generalized Disjunctive Programming},
    year = {2009},
    booktitle = {Encyclopedia of Optimization},
    author = {Grossmann, Ignacio E.},
    doi = {10.1007/978-0-387-74759-0},
    editor = {Floudas, Christodoulos A. and Pardalos, Panos M.},
    number = {1987},
    pages = {1180-1183}
}

@article{Trespalacios2014ReviewMethods,
    title = {Review of Mixed-Integer Nonlinear and Generalized Disjunctive Programming Methods},
    year = {2014},
    journal = {Chemie Ingenieur Technik},
    author = {Trespalacios, Francisco and Grossmann, Ignacio E.},
    doi = {10.1002/cite.201400037},
    number = {7},
    month = {7},
    pages = {991-1012},
    volume = {86}
}

@article{Ngo2013ProbabilisticProgramming,
    title = {Probabilistic Disjunctive Logic Programming},
    year = {2013},
    journal = {Proceedings of the Twelfth international conference on …},
    author = {Ngo, Liem},
    month = {2},
    pages = {397-404}
}

@article{Ntaimo2010DisjunctiveRecourseb,
    title = {Disjunctive Decomposition for Two-Stage Stochastic Mixed-Binary Programs with Random Recourse},
    year = {2010},
    journal = {Operations Research},
    author = {Ntaimo, Lewis},
    doi = {10.1287/opre.1090.0693},
    number = {1},
    month = {2},
    pages = {229-243},
    volume = {58}
}

@article{Rockafellar1991ScenariosUncertainty,
    title = {Scenarios and Policy Aggregation in Optimization Under Uncertainty},
    year = {1991},
    journal = {Mathematics of Operations Research},
    author = {Rockafellar, R. T. and Wets, Roger J.-B.},
    doi = {10.1287/moor.16.1.119},
    number = {1},
    month = {2},
    pages = {119-147},
    volume = {16}
}

@article{Li2008ProcessChallenges,
    title = {Process scheduling under uncertainty: Review and challenges},
    year = {2008},
    journal = {Computers {\&} Chemical Engineering},
    author = {Li, Zukui and Ierapetritou, Marianthi},
    doi = {10.1016/j.compchemeng.2007.03.001},
    number = {4-5},
    month = {4},
    pages = {715-727},
    volume = {32}
}

@article{Tarhan2008AYields,
    title = {A multistage stochastic programming approach with strategies for uncertainty reduction in the synthesis of process networks with uncertain yields},
    year = {2008},
    journal = {Computers {\&} Chemical Engineering},
    author = {Tarhan, Bora and Grossmann, Ignacio E.},
    doi = {10.1016/j.compchemeng.2007.03.003},
    number = {4-5},
    month = {4},
    pages = {766-788},
    volume = {32}
}

@article{Goel2006AUncertainty,
    title = {A Class of stochastic programs with decision dependent uncertainty},
    year = {2006},
    journal = {Mathematical Programming},
    author = {Goel, Vikas and Grossmann, Ignacio E},
    doi = {10.1007/s10107-006-0715-7},
    number = {2-3},
    month = {4},
    pages = {355-394},
    volume = {108}
}

@article{Ntaimo2007ComputationsPrograms,
    title = {Computations with disjunctive cuts for two-stage stochastic mixed 0-1 integer programs},
    year = {2007},
    journal = {Journal of Global Optimization},
    author = {Ntaimo, Lewis and Tanner, Matthew W.},
    doi = {10.1007/s10898-007-9245-y},
    number = {3},
    month = {10},
    pages = {365-384},
    volume = {41}
}

@article{Benbasat2002ReflectionsBeyond,
    title = {Reflections on integration, interaction, and community: the Science One program and beyond},
    year = {2002},
    journal = {Conservation Ecology},
    author = {Benbasat, J. A. and Gass, C. L},
    number = {2},
    pages = {26},
    volume = {5}
}

@article{Hardy2014StephenFinance,
    title = {Stephen Colbert's Civics Lesson: How Colbert Super PAC Taught Viewers About Campaign Finance},
    year = {2014},
    journal = {Mass Communication and Society},
    author = {Hardy, Bruce W. and Gottfried, Jeffrey a. and Winneg, Kenneth M. and Jamieson, Kathleen Hall},
    doi = {10.1080/15205436.2014.891138},
    number = {3},
    month = {5},
    pages = {329-353},
    volume = {17}
}

@article{Turkay1996DisjunctiveRegions,
    title = {Disjunctive Programming Techniques for the Optimization of Process Systems with Discontinuous Investment Costs−Multiple Size Regions},
    year = {1996},
    journal = {Industrial {\&} Engineering Chemistry Research},
    author = {T{\"{u}}rkay, Metin and Grossmann, Ignacio E.},
    doi = {10.1021/ie9600856},
    number = {8},
    month = {1},
    pages = {2611-2623},
    volume = {35}
}

@article{Jin2014RELIABILITYSYSTEMS,
    title = {RELIABILITY ANALYTICS FOR INTEGRATION OF DISTRIBUTED RENEWABLE ENERGY SYSTEMS},
    year = {2014},
    author = {Jin, Tongdan and Taboada, Heidi and Qin, Jin and Marcos, San and Paso, El},
    number = {Dma},
    pages = {1-6}
}

@article{Lee2014ATEST,
    title = {A FAST ITERATIVE TEMPORAL DATA CLUSTERING USING DYNAMIC TIME WARPING AND UNIFORMITY TEST},
    year = {2014},
    author = {Lee, Taiyeong and Huang, Shunping and Zhang, Ruiwen and Dean, Jared and Division, Advanced Analytic},
    number = {Dma},
    pages = {1-6}
}

@article{Wang2014PredictionModel,
    title = {Prediction of Depressive Mood of College Students : an Elastic-Net Regularized Model},
    year = {2014},
    author = {Wang, Fan},
    number = {Dma},
    pages = {1-6}
}

@article{Love2014TrackingPatterns,
    title = {Tracking global bicycle ownership patterns},
    year = {2014},
    author = {Love, David},
    number = {Dma},
    pages = {1-6}
}

@inproceedings{Qin2014ARetailing,
    title = {A Bayesian Framework for Large-scale Geo-demand Estimation in On-line Retailing},
    year = {2014},
    booktitle = {Proceedings of 2014 INFORMS Workshop on Data Mining and Analytics},
    author = {Qin, Zhiwei Tony and Bowman, John and Bewli, Jagtej},
    number = {Dma},
    pages = {1-6}
}

@article{Kibria2014ASUSTAINMENT,
    title = {A SIMULATION-BASED OPTIMIZATION METHOD FOR MODELING OF TURBINE ENGINE SUSTAINMENT},
    year = {2014},
    author = {Kibria, Ahmed},
    number = {Dma},
    pages = {1-6}
}

@article{Wang2014THEAIRLINES,
    title = {THE BEST STRATEGY IN USING AN OPTION-BASED MECHANISM TO REDUCE OVERBOOKING RISK FOR ALLIED AIRLINES},
    year = {2014},
    author = {Wang, Xiaojia},
    number = {Dma},
    pages = {1-6}
}

@article{Yang2014BAYESIANMULTI-RESPONSE,
    title = {BAYESIAN VARIABLE SELECTION IN MULTI-RESPONSE},
    year = {2014},
    author = {Yang, Kai},
    number = {Dma}
}

@article{LashPREDICITINGPERSPECTIVE,
    title = {PREDICITING MOVIE SUCCESS – A SOCIAL NETWORK PERSPECTIVE},
    author = {Lash, Michael},
    pages = {2-7}
}

@article{Powers2014DEFININGSCALES,
    title = {DEFINING “ NORMAL ”: M ETRICS FOR MINING HETEROGENEOUS GRAPHS AT LARGE SCALES},
    year = {2014},
    author = {Powers, Sarah and Sukumar, Sreenivas R and Science, Computer and Division, Mathematics and Sciences, Computational and Division, Engineering and Ridge, Oak},
    number = {Dma}
}

@article{Kang2014ADAPTIVECONTROL,
    title = {ADAPTIVE CONTROL CHART FOR TIME-VARYING AND MULTIMODE PROCESS CONTROL},
    year = {2014},
    author = {Kang, Ji Hoon},
    number = {Dma},
    pages = {1-6}
}

@article{Vaisman2014PREDICTINGDATA,
    title = {PREDICTING NEGATIVE SOCIAL RESPONSE TO DISEASE OUTBREAKS USING BIOSURVEILLANCE AND NEWS DATA},
    year = {2014},
    author = {Vaisman, Edward and Cunha, Meredith G and Wilson, James M},
    number = {Dma},
    pages = {1-6}
}

@article{Zhu2014AMANUFACTURING,
    title = {A CLUSTERING BASED TIME-SERIES ANALYSIS METHOD FOR TOOL FAULT DETECTION IN SEMICONDUCTOR MANUFACTURING},
    year = {2014},
    author = {Zhu, Yada and Kalagnanam, Jayant R and Baseman, Robert and Lee, Young M},
    number = {Dma},
    pages = {1-6}
}

@article{Samorani2014AUTOMATICVARIABLES,
    title = {AUTOMATIC GENERATION OF RELATIONAL INDEPENDENT VARIABLES},
    year = {2014},
    author = {Samorani, Michele},
    number = {Dma},
    pages = {1-6}
}

@article{Bhadani2014NON-VOICEYOUNG,
    title = {NON-VOICE MOBILE SERVICE PREFERENCES AMONG YOUNG},
    year = {2014},
    author = {Bhadani, Abhay Kumar and Jothimani, Dhanya and Shankar, Ravi and Rao, D Vijay},
    number = {Dma},
    pages = {1-6}
}

@article{Marangoni-simonsenSEQUENTIALDETECTION,
    title = {SEQUENTIAL CHANGEPOINT APPROACH FOR ONLINE COMMUNITY DETECTION},
    author = {Marangoni-simonsen, David and Xie, Yao},
    pages = {1-6}
}

@article{Wang2014PREDICTINGACTIVITIES,
    title = {PREDICTING USER ENGAGEMENT IN ONLINE HEALTH COMMUNITIES BASED ON SOCIAL SUPPORT ACTIVITIES},
    year = {2014},
    author = {Wang, Xi and Street, Nick},
    number = {Dma},
    pages = {1-7}
}

@article{ParkOptimizationLearning,
    title = {Optimization via Clustering in Machine Learning},
    author = {Park, Young Woong and Klabjan, Diego},
    pages = {1-6}
}

@article{May2014ACANCELATIONS,
    title = {A PREDICTIVE MODEL FOR ADVANCE APPOINTMENT CANCELATIONS},
    year = {2014},
    author = {May, Jerrold},
    number = {Dma},
    pages = {1-6}
}

@inproceedings{Ando2014ADEALS,
    title = {A STATISTICAL ANALYSIS OF THE ONLINE DAILY DEALS},
    year = {2014},
    booktitle = {Proceedings of 2014 INFORMS Workshop on Data Mining and Analytics},
    author = {Ando, Tomohiro},
    editor = {Sundaramoorthi, D. and Yang, H.},
    number = {Dma},
    pages = {1-6}
}

@article{Tulabandhula2014RobustSets,
    title = {Robust Optimization using Machine Learning for Uncertainty Sets},
    year = {2014},
    author = {Tulabandhula, Theja and Rudin, Cynthia},
    pages = {1-6}
}

@article{Gartner2014LEARNINGPLANNING,
    title = {LEARNING CLINICAL PATHWAYS FOR DOWNSTREAM PATIENT FLOW PLANNING},
    year = {2014},
    author = {Gartner, Daniel and John, The H and Iii, Heinz and Arnolds, Ines Verena},
    number = {Dma},
    pages = {1-5}
}

@article{MegahedAIntroduction,
    title = {A HYBRID DATA ANALYTICAL APPROACH TO PREDICT HEART TRANSPLANT SUCCESS 1 Introduction},
    author = {Megahed, Fadel M},
    pages = {1-7}
}

@article{Fouh2012TheEducation,
    title = {The Role of Visualization in Computer Science Education},
    year = {2012},
    journal = {Computers in the Schools},
    author = {Fouh, Eric and Akbar, Monika and Shaffer, Clifford a.},
    doi = {10.1080/07380569.2012.651422},
    number = {1-2},
    month = {1},
    pages = {95-117},
    volume = {29}
}

@article{Naps2003ExploringEducation,
    title = {Exploring the role of visualization and engagement in computer science education},
    year = {2003},
    journal = {ACM SIGCSE Bulletin},
    author = {Naps, Thomas L. and Rodger, Susan and Vel{\'{a}}zquez-Iturbide, J. {\'{A}}ngel and R{\"{o}}{\ss}ling, Guido and Almstrum, Vicki and Dann, Wanda and Fleischer, Rudolf and Hundhausen, Chris and Korhonen, Ari and Malmi, Lauri and McNally, Myles},
    doi = {10.1145/782941.782998},
    number = {2},
    month = {6},
    pages = {131},
    volume = {35}
}

@article{Dudani1976TheRule,
    title = {The Distance-Weighted k-Nearest-Neighbor Rule},
    year = {1976},
    journal = {IEEE Transactions on Systems, Man, and Cybernetics},
    author = {Dudani, Sahibsingh a.},
    doi = {10.1109/TSMC.1976.5408784},
    number = {4},
    month = {4},
    pages = {325-327},
    volume = {SMC-6}
}

@article{Bhatia2010SurveyTechniques,
    title = {Survey of Nearest Neighbor Techniques},
    year = {2010},
    journal = {International Journal of Computer Science and Information Security},
    author = {Bhatia, Nitin and Vandana},
    number = {2},
    month = {7},
    pages = {4},
    volume = {8}
}

@article{Cover1967NearestClassification,
    title = {Nearest neighbor pattern classification},
    year = {1967},
    journal = {IEEE Transactions on Information Theory},
    author = {Cover, T and Hart, P},
    doi = {10.1109/TIT.1967.1053964},
    number = {1},
    month = {1},
    pages = {21-27},
    volume = {13}
}

@article{Tan2005Neighbor-weightedCorpus,
    title = {Neighbor-weighted K-nearest neighbor for unbalanced text corpus},
    year = {2005},
    journal = {Expert Systems with Applications},
    author = {Tan, Songbo},
    doi = {10.1016/j.eswa.2004.12.023},
    pages = {667-671},
    volume = {28}
}

@article{Cost1993AFeatures,
    title = {A weighted nearest neighbor algorithm for learning with symbolic features},
    year = {1993},
    journal = {Machine Learning},
    author = {Cost, Scott and Salzberg, Steven},
    doi = {10.1007/BF00993481},
    pages = {57-78},
    volume = {10}
}

@incollection{Guo2003KNNClassification,
    title = {kNN Model-Based Approach in Classification},
    year = {2003},
    booktitle = {On The Move to Meaningful Internet Systems 2003: CoopIS, DOA, and ODBASE},
    author = {Guo, Gongde and Wang, Hui and Bell, David and Bi, Yaxin and Greer, Kieran},
    doi = {10.1007/b94348},
    editor = {Meersman, Robert and Tari, Zahir and Schmidt, Douglas C.},
    pages = {986-996},
    series = {Lecture Notes in Computer Science},
    volume = {2888}
}

@article{Bailey1978ARules,
    title = {A Note on Distance-Weighted k-Nearest Neighbor Rules},
    year = {1978},
    journal = {IEEE Transactions on Systems, Man, and …},
    author = {Bailey, T and Jain, AK},
    pages = {311-313}
}

@article{Cheung2013TowardPerformance,
    title = {Toward scalable stochastic unit commitment—Part 2: Assessing solver performance},
    year = {2013},
    journal = {IEEE Transactions on Power …},
    author = {Cheung, Kwok and Gade, Dinakar and Monroy, C and Ryan, S},
    number = {November},
    pages = {1-8}
}

@article{Feng2013TowardGeneration,
    title = {Toward scalable stochastic unit commitment-part 1: Load scenario generation},
    year = {2013},
    author = {Feng, Yonghan and Rios, Ignacio and Ryan, SM and Sp{\"{u}}rkel, K},
    number = {November},
    pages = {1-8}
}

@article{GadeObtainingPrograms,
    title = {Obtaining Lower Bounds from the Progressive Hedging Algorithm for Stochastic Mixed-Integer Programs},
    author = {Gade, Dinakar and Hackebeil, Gabriel and Watson, Sarah M Ryan Jean-paul and Wets, Roger J-b and Woodruff, David L}
}

@article{Chung2013LiftedSets,
    title = {Lifted inequalities for 0-1 mixed-integer bilinear covering sets},
    year = {2013},
    journal = {Mathematical Programming},
    author = {Chung, Kwanghun and Richard, Jean-Philippe P. and Tawarmalani, Mohit},
    doi = {10.1007/s10107-013-0652-1},
    number = {1-2},
    month = {4},
    pages = {403-450},
    volume = {145}
}

@article{Tawarmalani2010InclusionFunctions,
    title = {Inclusion certificates and simultaneous convexification of functions},
    year = {2010},
    journal = {Mathematical Programming},
    author = {Tawarmalani, Mohit},
    pages = {1-20}
}

@article{Ponce-Ortega2009AProcesses,
    title = {A property-based optimization of direct recycle networks and wastewater treatment processes},
    year = {2009},
    journal = {AIChE Journal},
    author = {Ponce-Ortega, Jos{\'{e}} Mar{\'{i}}a and Hortua, Ana Carolina and El-Halwagi, Mahmoud and Jim{\'{e}}nez-Guti{\'{e}}rrez, Arturo},
    doi = {10.1002/aic.11828},
    number = {9},
    month = {9},
    pages = {2329-2344},
    volume = {55}
}

@article{Pham2012ProcessConfigurations,
    title = {Process synthesis and optimization of biorefinery configurations},
    year = {2012},
    journal = {AIChE Journal},
    author = {Pham, Viet and El-Halwagi, Mahmoud},
    doi = {10.1002/aic.12640},
    number = {4},
    month = {4},
    pages = {1212-1221},
    volume = {58}
}

@article{Watson2010ProgressiveProblems,
    title = {Progressive hedging innovations for a class of stochastic mixed-integer resource allocation problems},
    year = {2010},
    journal = {Computational Management Science},
    author = {Watson, Jean-Paul and Woodruff, David L.},
    doi = {10.1007/s10287-010-0125-4},
    number = {4},
    month = {7},
    pages = {355-370},
    volume = {8}
}

@article{Li2011StochasticUncertainty,
    title = {Stochastic pooling problem for natural gas production network design and operation under uncertainty},
    year = {2011},
    journal = {AIChE Journal},
    author = {Li, Xiang and Armagan, Emre and Tomasgard, Asgeir and Barton, Paul I.},
    doi = {10.1002/aic.12419},
    number = {8},
    month = {8},
    pages = {2120-2135},
    volume = {57}
}

@article{Misener2009AdvancesStudies,
    title = {Advances for the pooling problem: Modeling, global optimization, and computational studies},
    year = {2009},
    journal = {Applied and Computational Mathematics},
    author = {Misener, Ruth and Floudas, CA},
    number = {1},
    pages = {3-22},
    volume = {8}
}

@article{Stevens1967NearestNeighbor,
    title = {Nearest Neighbor},
    year = {1967},
    author = {Stevens, K N and Cover, T M and Hart, P E},
    volume = {I}
}

@article{Rodriguez2009LogicalUncertainty,
    title = {Logical and Generalized Disjunctive Programming for Supplier and Contract Selection under Provision Uncertainty},
    year = {2009},
    journal = {Industrial {\&} Engineering Chemistry Research},
    author = {Rodriguez, Maria Analia and Vecchietti, Aldo},
    doi = {10.1021/ie801614x},
    number = {11},
    month = {6},
    pages = {5506-5521},
    volume = {48}
}

@article{Tawarmalani2010StrongSets,
    title = {Strong valid inequalities for orthogonal disjunctions and bilinear covering sets},
    year = {2010},
    journal = {Mathematical Programming},
    author = {Tawarmalani, Mohit and Richard, Jean-Philippe P. and Chung, Kwanghun},
    doi = {10.1007/s10107-010-0374-6},
    number = {1-2},
    month = {5},
    pages = {481-512},
    volume = {124}
}

@article{Audet2004PoolingMethods,
    title = {Pooling Problem: Alternate Formulations and Solution Methods},
    year = {2004},
    journal = {Management Science},
    author = {Audet, Charles and Brimberg, Jack and Hansen, Pierre and Digabel, S{\'{e}}bastien Le and Mladenović, Nenad},
    doi = {10.1287/mnsc.1030.0207},
    number = {6},
    month = {6},
    pages = {761-776},
    volume = {50}
}

@misc{Tracy2013WhatChalk,
    title = {What We Mean When We Say 'All Chalk'},
    year = {2013},
    booktitle = {New Republic},
    author = {Tracy, Marc},
    pages = {1}
}

@article{Ryan2013TowardCommitment,
    title = {Toward scalable, parallel progressive hedging for stochastic unit commitment},
    year = {2013},
    journal = {2013 IEEE Power {\&} Energy Society General Meeting},
    author = {Ryan, Sarah M. and Wets, Roger J.-B and Woodruff, David L. and Silva-Monroy, Cesar and Watson, Jean-Paul},
    doi = {10.1109/PESMG.2013.6673013},
    pages = {1-5}
}