@book{James1981,
address = {Lawrence, KS},
author = {James, Bill},
mendeley-groups = {NCAA Basketball},
publisher = {Self-Published},
title = {{1981 Baseball Abstract}},
year = {1981}
}

@article{Hammond2014,
archivePrefix = {arXiv},
arxivId = {1312.7627v4},
author = {Hammond, Christopher N B and Johnson, Warren P and Miller, Steven J},
eprint = {1312.7627v4},
file = {:home/cdhagmann/Documents/Mendeley Desktop/Hammond, Johnson, Miller - 2014 - The James Function.pdf:pdf},
journal = {arXiv preprint arXiv:1312.7627v4},
mendeley-groups = {NCAA Basketball},
pages = {1--18},
title = {{The James Function}},
year = {2014}
}
@misc{Miller2008,
author = {Miller, Steven J},
file = {:home/cdhagmann/Documents/Mendeley Desktop/Miller - 2008 - A Justification of the log 5 Rule for Winning Percentages.pdf:pdf},
keywords = {log 5 rule,sabermetrics},
mendeley-groups = {NCAA Basketball},
title = {{A Justification of the log 5 Rule for Winning Percentages}},
url = {http://web.williams.edu/Mathematics/sjmiller/public html/103/Log5WonLoss Paper.pdf},
year = {2008}
}
@misc{Tracy2013,
author = {Tracy, Marc},
booktitle = {New Republic},
file = {:home/cdhagmann/Documents/Mendeley Desktop/Tracy - 2013 - What We Mean When We Say 'All Chalk'.pdf:pdf},
mendeley-groups = {NCAA Basketball},
pages = {1},
title = {{What We Mean When We Say 'All Chalk'}},
url = {http://www.newrepublic.com/article/112740/all-chalk-jargon-march-madness-brackets},
urldate = {2015-01-23},
year = {2013}
}
@article{Dudani1976,
author = {Dudani, Sahibsingh a.},
doi = {10.1109/TSMC.1976.5408784},
file = {:home/cdhagmann/Documents/Mendeley Desktop/Dudani - 1976 - The Distance-Weighted k-Nearest-Neighbor Rule.pdf:pdf},
issn = {0018-9472},
journal = {IEEE Transactions on Systems, Man, and Cybernetics},
mendeley-groups = {NCAA Basketball},
month = apr,
number = {4},
pages = {325--327},
title = {{The Distance-Weighted k-Nearest-Neighbor Rule}},
url = {http://ieeexplore.ieee.org/lpdocs/epic03/wrapper.htm?arnumber=5408784},
volume = {SMC-6},
year = {1976}
}
